在这里插入参考文献

@book{Landau2007mechanics,
  title={理论物理学教程:力学},
  author={朗道 and 栗弗席兹 and 李俊峰},
  publisher={高等教育出版社},
  year={2007},
}