请在这里加入参考文献