在这里插入参考文献